<record><leader>00000cas a22000007a 4500</leader><controlfield tag="001">9627675</controlfield><controlfield tag="008">830621d18321843ohuwr ne      0    0eng d</controlfield><datafield ind1=" " ind2=" " tag="010"><subfield code="a">sn 83035232 </subfield></datafield><datafield ind1=" " ind2=" " tag="040"><subfield code="a">NPY</subfield><subfield code="b">eng</subfield><subfield code="c">NPY</subfield><subfield code="d">NPX</subfield><subfield code="d">NPA</subfield><subfield code="d">ONP</subfield><subfield code="d">OCLCQ</subfield></datafield><datafield ind1=" " ind2=" " tag="042"><subfield code="a">msc</subfield></datafield><datafield ind1="0" ind2="0" tag="245"><subfield code="a">Conneaut gazette.</subfield></datafield><datafield ind1="3" ind2="0" tag="246"><subfield code="a">Conneaut weekly gazette</subfield></datafield><datafield ind1="3" ind2="0" tag="246"><subfield code="a">Ashtabula County gazette</subfield></datafield><datafield ind1=" " ind2=" " tag="260"><subfield code="a">Salem, Ohio :</subfield><subfield code="b">[s.n.],</subfield><subfield code="c">-1843.</subfield></datafield><datafield ind1=" " ind2=" " tag="300"><subfield code="a">v. :</subfield><subfield code="b">ill. (chiefly advertisements) ;</subfield><subfield code="c">54-60 cm.</subfield></datafield><datafield ind1=" " ind2=" " tag="310"><subfield code="a">Weekly</subfield></datafield><datafield ind1="1" ind2=" " tag="362"><subfield code="a">Began in Dec. 1832?</subfield><subfield code="z">Cf. Gutgesell, S. Guide to Ohio newspapers.</subfield></datafield><datafield ind1="0" ind2=" " tag="362"><subfield code="a">-v. 11, no. 44 (Apr. 6, 1843).</subfield></datafield><datafield ind1=" " ind2=" " tag="500"><subfield code="a">Published as: Ashtabula County gazette, Dec. 12, 1840-June 12, 1841.</subfield></datafield><datafield ind1=" " ind2=" " tag="500"><subfield code="a">Sometimes published as: Conneaut weekly gazette.</subfield></datafield><datafield ind1=" " ind2=" " tag="500"><subfield code="a">Publishers: William Harsha, &lt;1833-1834&gt;; Knapp and Taylor, 1835; J.H. Jacoby, 1836; C.A. Randall &amp; Co., 1836-&lt;1837&gt;; W.A. Ainger, &lt;1838&gt;; S.F. Taylor, 1838-1841; D.C. Allen &amp; William J. Tait, 1841-1842; William J. Tait, &lt;1842&gt;.</subfield></datafield><datafield ind1=" " ind2=" " tag="500"><subfield code="a">Editors: S.F. Taylor, &lt;1841&gt;; Daniel C. Allen, William J. Tait, &lt;1841&gt;.</subfield></datafield><datafield ind1=" " ind2=" " tag="500"><subfield code="a">National Republican, 1832-1834; Whig, 1834-1843. Cf. Gutgesell, S. Guide to Ohio newspapers, 1974.</subfield></datafield><datafield ind1=" " ind2=" " tag="515"><subfield code="a">Suspended June 12-Sept. 11, 1841.</subfield></datafield><datafield ind1=" " ind2=" " tag="588"><subfield code="a">Description based on: New ser., v. 2, no. 4 (Dec. 20, 1832).</subfield></datafield><datafield ind1=" " ind2=" " tag="752"><subfield code="a">United States</subfield><subfield code="b">Ohio</subfield><subfield code="c">Ashtabula</subfield><subfield code="d">Conneaut.</subfield></datafield><datafield ind1=" " ind2=" " tag="752"><subfield code="a">United States</subfield><subfield code="b">Ohio</subfield><subfield code="c">Ashtabula</subfield><subfield code="d">Salem.</subfield></datafield><datafield ind1="0" ind2="0" tag="780"><subfield code="t">Salem advertiser (Conneaut, Ohio : 1831)</subfield><subfield code="w">(DLC)sn 83035231</subfield></datafield></record>